%%%%%%%%%%%%%%%%%%%%%%%%%%%%%%%%%%%%%%
% LIVRO
%%%%%%%%%%%%%%%%%%%%%%%%%%%%%%%%%%%%%%


%%%%%%%%%%%%%%%%%%%%%%%%%%%%%%%%%%%%%%
% TESE
%%%%%%%%%%%%%%%%%%%%%%%%%%%%%%%%%%%%%%
@article{basso2004ieee,
  title={IEEE 1547 series of standards: interconnection issues},
  author={Basso, Thomas S and DeBlasio, Richard},
  journal={IEEE Transactions on Power Electronics},
  volume={19},
  number={5},
  pages={1159--1162},
  year={2004},
  publisher={IEEE}
}


%%%%%%%%%%%%%%%%%%%%%%%%%%%%%%%%%%%%%%
% DISSERTACAO
%%%%%%%%%%%%%%%%%%%%%%%%%%%%%%%%%%%%%%


%%%%%%%%%%%%%%%%%%%%%%%%%%%%%%%%%%%%%%
% JORNAL-REVISTA
%%%%%%%%%%%%%%%%%%%%%%%%%%%%%%%%%%%%%%